@article{penrose1994shadows,
  title={Shadows of the Mind: A Search for the Missing Science of Consciousness},
  author={Penrose, Roger},
  journal={Oxford University Press},
  year={1994}
}

@article{hameroff2014consciousness,
  title={Consciousness in the universe: A review of the 'Orch OR' theory},
  author={Hameroff, Stuart and Penrose, Roger},
  journal={Physics of Life Reviews},
  volume={11},
  number={1},
  pages={39--78},
  year={2014},
  publisher={Elsevier}
}
